# 在此直接复制GB/T 7714－2015 bib条目，第一行内容为在正文引用\cite{}的关键词
# 推荐使用百度学术生成GB/T 7714－2015 bib条目

@misc{enderfga,

   author = {enderfga},

   title = {RL},

   howpublished = {\url{https://enderfga.cn/2022/11/22/RL/}}

}

@misc{Ruoyu,

   author = {Ruoyu},

   title = {强化学习中sarsa算法是不是比q-learning算法收敛速度更慢？},

   howpublished = {\url{https://www.zhihu.com/question/268461866}}

}

@misc{amazon,

   author = {Amazon},

   title = {what-is-srasa},

   howpublished = {\url{https://www.amazonaws.cn/knowledge/what-is-sarsa/}}

}

@misc{csdn-dqn,

   author = {CSDN},

   title = {DQN-introduction},

   howpublished = {\url{https://blog.csdn.net/Zhang_0702_China/article/details/123423637}}

}

@misc{csdn-ql,

   author = {CSDN},

   title = {Q-learning-introduction},

   howpublished = {\url{https://blog.csdn.net/shoppingend/article/details/124291112}}

}